@misc{NetBSD,
    author = "{NetBSD Project}",
    url = "http://www.NetBSD.org/"}

@inproceedings{silvers:ubc,
    author = "Chuck Silvers",
    title = "{UBC}: An Efficient Unified {I/O} and Memory Caching Subsystem for {NetBSD}",
    pages = "285--290",
    booktitle = "Proceedings of the {USENIX} Annual Technical Conference, {FREENIX} Track",
    year = "2000"}

@article{mckusick:ffs,
    author = "Marshall K. McKusick and William N. Joy and Samuel J. Leffler and Robert S. Fabry",
    title = "A {Fast File System} for {UNIX}",
    journal = "Computer Systems",
    volume = "2",
    number = "3",
    pages = "181-197",
    year = "1984"}

@misc{fuse,
    author = "Mikl\'os Szeredi",
    title = "{FUSE: Filesystem in Userspace}",
    url = "http://fuse.sourceforge.net/"}

@inproceedings{seltzer:lfs,
    author = "Margo I. Seltzer and Keith Bostic and Marshall K. McKusick and Carl Staelin",
    title = "An Implementation of a Log-Structured File System for {UNIX}",
    booktitle = "Proceedings of the {USENIX} Winter Technical Conference",
    pages = "307-326",
    year = "1993"}

@inproceedings{mckusick:softdep,
    author = "Marshall Kirk McKusick and Gregory R. Ganger",
    title = "Soft Updates: {A} Technique for Eliminating Most Synchronous Writes in the Fast Filesystem",
    booktitle = "Proceedings of the {USENIX} Annual Technical Conference",
    pages = "1--17",
    year = "1999"}

@inproceedings{kleiman:vnodes,
    author = "Steve R. Kleiman",
    title = "Vnodes: An Architecture for Multiple File System Types in Sun {UNIX}",
    booktitle = "Proceedings of the {USENIX} Annual Technical Conference",
    pages = "238-247",
    year = "1986"}

@inproceedings{nethercote:valgrind,
    author = "Nicholas Nethercote and Julian Seward",
    title = "Valgrind: A Framework for Heavyweight Dynamic Binary Instrumentation",
    booktitle = "Proceedings of the {ACM} {SIGPLAN} Conference on Programming Language Design and Implementation",
    pages = "89--100",
    year = "2007"}

@phdthesis{cranor:uvm,
    author = "Charles D. Cranor",
    title = "Design and Implementation of the {UVM} Virtual Memory System",
    school = "{Washington University}",
    year = "1998"}

@inproceedings{ely:alpine,
    author = "David Ely and Stefan Savage and David Wetherall",
    title = "Alpine: {A} {User-Level} Infrastructure for Network Protocol Development",
    booktitle = "Proceedings of the USENIX Symposium on Internet Technologies and Systems",
    pages = "171--184",
    year = "2001"}

@techreport{draves:unifying,
    author = "Richard Draves and Scott Cutshall",
    title = "Unifying the User and Kernel Environments",
    institution = "Microsoft",
    number = "MSR-TR-97-10",
    year = "1997"}

@book{daemonbook,
    author = "Marshall Kirk McKusick and Keith Bostic and Michael J. Karels and John S. Quarterman",
    title = "The Design and Implementation of the {4.4BSD} Operating System",
    isbn = "0-201-54979-4",
    publisher = "Addison Wesley",
    year = "1996"}

@misc{bonwick:zfs,
    author = "Jeff Bonwick",
    title = "ZFS: The Last Word in Filesystems",
    url = "http://blogs.oracle.com/bonwick/entry/zfs_the_last_word_in",
    year = "Oct 31, 2005"}

@misc{zfs_source_tour,
    title = "{ZFS} Source Tour",
    url = "http://www.opensolaris.org/os/community/zfs/source/"}

@inproceedings{dike:uml,
    author = "Jeff Dike",
    title = "A user-mode port of the {Linux} kernel",
    booktitle = "Proceedings of the Atlanta Linux Showcase",
    url = {http://www.linuxshowcase.org/2001/full_papers/dike/dike.pdf},
    year = "2001"}

@inproceedings{pjd:zfs,
    author = "Pawel Jakub Dawidek",
    title = "Porting the {ZFS} file system to the {FreeBSD} operating system",
    booktitle = "Proceedings of {AsiaBSDCon}",
    pages = "97--103",
    year = "2007"}

@article{hsueh:fault,
    author = "Mei-Chen Hsueh and Timothy K. Tsai and Ravishankar K. Iyer",
    title = "Fault Injection Techniques and Tools",
    journal = "IEEE Computer",
    volume = "30",
    number = "4",
    pages = "75--82",
    year = "1997"}

@inproceedings{engler:exo,
    author = "Dawson R. Engler and M. Frans Kaashoek and James {O'Toole Jr.}",
    title = "Exokernel: An Operating System Architecture for Application-Level Resource Management",
    booktitle = {Proceedings of the ACM Symposium on Operating Systems Principles},
    pages = "251--266",
    year = "1995"}

@mastersthesis{jvh:lites,
    author = "Johannes Helander",
    title = "Unix under {M}ach: The {L}ites Server",
    school = "Helsinki University of Technology",
    year = "1994"}

@article{rashid:machvm,
    author = {Rashid, Richard and Tevanian, Avadis and Young, Michael and Golub, David and Baron, Robert and Black, David and Bolosky, William and Chew, Jonathan},
    title = {Machine-Independent Virtual Memory Management for Paged Uniprocessor and Multiprocessor Architectures},
    journal = {SIGARCH Computer Architecture News},
    volume = {15},
    issue = {5},
    month = {October},
    year = {1987},
    issn = {0163-5964},
    pages = {31--39},
    numpages = {9},
    acmid = {36181},
    publisher = {ACM}}

@book{solarisinternals,
    author = "Jim Mauro and Richard McDougall",
    title = "Solaris Internals: Core Kernel Architecture",
    year = "2001",
    publisher = {Sun Microsystems, Inc.},
    isbn = "0-13-022496-0"}

@article{prabhakaran:iron,
    author = "Vijayan Prabhakaran and Lakshmi N. Bairavasundaram and Nitin Agrawal and Haryadi S. Gunawi and Andrea C. Arpaci-Dusseau and Remzi H. Arpaci-Dusseau",
    title = "{IRON} File Systems",
    journal = {ACM SIGOPS Operating Systems Review},
    volume = "39",
    number = "5",
    pages = "206--220",
    year = "2005"}

@inproceedings{woodhouse:jffs2,
    author = "David Woodhouse",
    title = "JFFS: The Journalling Flash File System",
    booktitle = "Proceedings of the Ottawa Linux Symposium",
    url = {http://www.linuxsymposium.org/archives/OLS/Reprints-2001/woodhouse.pdf},
    year = "2001"}

@misc{mtools,
    title = "{Mtools}",
    author = "David Niemi and Alain Knaff",
    year = "2007",
    url = "http://mtools.linux.lu/"}

@misc{e2fsprogs,
    title = "{E2fsprogs: Ext2/3/4 Filesystem Utilities}",
    url = "http://e2fsprogs.sourceforge.net/"}

@misc{fuseext2,
    title = "{fuse-ext2}",
    url =  "http://sourceforge.net/projects/fuse-ext2/"}

@inproceedings{yang:exe,
    author = {Junfeng Yang and Can Sar and Paul Twohey and Cristian Cadar and Dawson Engler},
    title = {Automatically Generating Malicious Disks using Symbolic Execution},
    booktitle = {Proceedings of the IEEE Symposium on Security and Privacy},
    year = {2006},
    pages = {243--257}}

@book{stevens:tcpip2,
    author = "Gary R. Wright and W. Richard Stevens",
    title = "{TCP/IP Illustrated, Volume~2}",
    isbn = "0-201-63354-X",
    publisher = "Addison Wesley",
    year = "1995"}

@techreport{costello:callout,
    author = "Adam M. Costello and George Varghese",
    title = "{Redesigning the BSD Callout and Timer Facilities}",
    institution = {Washington University},
    number = "WUCS-95-23",
    year = "1995"}

@misc{eco:vkernel,
    author ="Aggelos Economopoulos",
    title = "{A Peek at the DragonFly Virtual Kernel}",
    howpublished = {LWN.net},
    url = {http://lwn.net/Articles/228404/},
    year = "2007"}

@inproceedings{bellard:qemu,
    author = "Fabrice Bellard",
    title = "{QEMU, a Fast and Portable Dynamic Translator}",
    booktitle = "Proceedings of the USENIX Annual Technical Conference, FREENIX Track",
    pages = "41--46",
    year = "2005"}

@inproceedings{zec:vimage,
    author = "Marko Zec",
    title = "{Implementing a Clonable Network Stack in the FreeBSD Kernel}",
    booktitle = "Proceedings of the USENIX Annual Technical Conference, FREENIX Track",
    pages = "137-150",
    year = "2003"}

@inproceedings{czerwinski:sds,
    author = "Steven E. Czerwinski and Ben Y. Zhao and Todd D. Hodes and Anthony D. Joseph and Randy H. Katz",
    title = {An Architecture for a Secure Service Discovery Service},
    booktitle = "Proceedings of the 5th MobiCom",
    year = "1999",
    pages = "24--35"}

@inproceedings{phk:jails,
    author = {Poul-Henning Kamp and Robert N. M. Watson},
    title = {Jails: Confining the omnipotent root},
    booktitle = {Proceedings of SANE Conference},
    url = {http://www.sane.nl/events/sane2000/papers/kamp.pdf},
    year = {2000}}

@inproceedings{barham:xen,
    author = {Barham,, Paul and Dragovic,, Boris and Fraser,, Keir and Hand,, Steven and Harris,, Tim and Ho,, Alex and Neugebauer,, Rolf and Pratt,, Ian and Warfield,, Andrew},
    title = {Xen and the Art of Virtualization},
    booktitle = {Proceedings of the ACM Symposium on Operating Systems Principles},
    year = {2003},
    pages = {164--177}}

@inproceedings{banga:containers,
    author = {Banga,, Gaurav and Druschel,, Peter and Mogul,, Jeffrey C.},
    title = {Resource containers: a new facility for resource management in server systems},
    booktitle = {Proceedings of the USENIX Symposium on Operating Systems Design and Implementation},
    year = {1999},
    pages = {45--58}}

@inproceedings{garfinkel:harder,
    author = {Garfinkel,, Tal and Rosenblum,, Mendel},
    title = {When Virtual is Harder than Real: Security Challenges in Virtual Machine Based Computing Environments},
    booktitle = {Proceedings of the Workshop on Hot Topics in Operating Systems},
    year = {2005},
    url = {http://static.usenix.org/event/hotos05/final_papers/full_papers/garfinkel/garfinkel.pdf}}

@InProceedings{liedtke:improving,
    author = {Jochen Liedtke},
    title = {Improving {IPC} by Kernel Design},
    booktitle = {Proceedings of the ACM Symposium on Operating Systems Principles},
    pages = {175--188},
    year = "1993"}

@article{bershad:lrpc,
    author = {Bershad, Brian N. and Anderson, Thomas E. and Lazowska, Edward D. and Levy, Henry M.},
    title = {Lightweight Remote Procedure Call},
    journal = {ACM Transactions on Computer Systems},
    volume = {8},
    issue = {1},
    month = {February},
    year = {1990},
    issn = {0734-2071},
    pages = {37--55},
    numpages = {19},
    acmid = {77650},
    publisher = {ACM}}

@article{hunt:singularity,
    author = {Galen C. Hunt and James R. Larus},
    title = {Singularity: rethinking the software stack},
    journal = {ACM SIGOPS Operating Systems Review},
    volume = {41},
    number = {2},
    year = {2007},
    pages = {37--49},
    publisher = {ACM}}

@inproceedings{kaashoek:exoapp,
    author = {Kaashoek,, M. Frans and Engler,, Dawson R. and Ganger,, Gregory R. and Briceno,, Hector M. and Hunt,, Russell and Mazi\`{e}res,, David and Pinckney,, Thomas and Grimm,, Robert and Jannotti,, John and Mackenzie,, Kenneth},
    title = {Application Performance and Flexibility on Exokernel Systems},
    booktitle = {Proceedings of the ACM Symposium on Operating Systems Principles},
    year = {1997},
    pages = {52--65}}

@inproceedings{ford:vx32,
    author = {Ford,, Bryan and Cox,, Russ},
    title = {Vx32: Lightweight User-level Sandboxing on the x86},
    booktitle = {Proceedings of the USENIX Annual Technical Conference},
    year = {2008},
    pages = {293--306}}

@inproceedings{hibler:emulab,
    author = {Hibler,, Mike and Ricci,, Robert and Stoller,, Leigh and Duerig,, Jonathon and Guruprasad,, Shashi and Stack,, Tim and Webb,, Kirk and Lepreau,, Jay},
    title = {Large-scale Virtualization in the Emulab Network Testbed},
    booktitle = {Proceedings of the USENIX Annual Technical Conference},
    year = {2008},
    pages = {113--128}}

@inproceedings{yu:fvm,
    author = {Yu,, Yang and Guo,, Fanglu and Nanda,, Susanta and Lam,, Lap-chung and Chiueh,, Tzi-cker},
    title = {A Feather-weight Virtual Machine for Windows Applications},
    booktitle = {Proceedings of the ACM SIGPLAN/SIGOPS International Conference on Virtual Execution Environments},
    year = {2006},
    pages = {24--34}}

@techreport{bershad:spin,
    author = {Brian N. Bershad and Craig Chambers and Susan Eggers and Chris Maeda and Dylan Mcnamee and Stefan Savage and Emin Gun Sirer},
    title = {SPIN - an extensible microkernel for application-specific operating system services},
    institution = {University of Washington},
    number = "TR 94-03-03",
    year = {1994}}

@techreport{small:vino,
    author = "Christopher Small and Margo Seltzer",
    title = {VINO: An Integrated Platform for Operating System and Database Research},
    number = "TR-30-94",
    Institution = "Harvard",
    year = "1994"}

@article{bwk:codetesting,
    author = "Brian Kernighan",
    title = "Code Testing and Its Role in Teaching",
    journal = ";login: The USENIX Magazine",
    volume = "31",
    number = "2",
    pages = "9--18",
    month = Apr,
    year = "2006"}

@article{smith:aging,
    author = {Smith,, Keith A. and Seltzer,, Margo I.},
    title = {File System Aging---Increasing the Relevance of File System Benchmarks},
    journal = {SIGMETRICS Perform. Eval. Rev.},
    volume = {25},
    number = {1},
    year = {1997},
    issn = {0163-5999},
    pages = {203--213},
    publisher = {ACM}}

@inproceedings{kantee:puffs,
    author = "Antti Kantee",
    title = "puffs - {Pass-to-Userspace Framework File System}",
    booktitle = "Proceedings of {AsiaBSDCon}",
    pages = "29--42",
    year = "2007"}

@misc{lehey:debugging,
    author = "Greg Lehey",
    title = "Debugging kernel problems",
    url = {http://www.lemis.com/grog/Papers/Debug-tutorial/tutorial.pdf},
    year = "2006"}

@misc{jmmv:atf,
    title = "Automated Testing Framework",
    author = "Julio Merino",
    url = "http://www.NetBSD.org/~jmmv/atf/"}

@inproceedings{dowdeswell:cgd,
    author = {Roland C. Dowdeswell and John Ioannidis},
    title = {The CryptoGraphic Disk Driver},
    booktitle = {Proceedings of the USENIX Annual Technical Conference, FREENIX Track},
    year = {2003},
    pages = {179-186}}

@inproceedings{kantee:rumpfs,
    author = "Antti Kantee",
    title = {Rump File Systems: Kernel Code Reborn},
    booktitle = {Proceedings of the USENIX Annual Technical Conference},
    year = "2009",
    pages = "201-214"}

@inproceedings{kantee:rumpnet,
    author = "Antti Kantee",
    title = "{Environmental Independence: BSD Kernel TCP/IP in Userspace}",
    booktitle = "Proceedings of {AsiaBSDCon}",
    pages = "71--80",
    year = "2009"}

@inproceedings{mewburn:build.sh,
    author = "Luke Mewburn and Matthew Green",
    title = "build.sh: Cross-building {NetBSD}",
    booktitle = "Proceedings of the USENIX {BSD} Conference",
    year = "2003",
    pages = "47-56"}

@inproceedings{deller:sasoslink,
    author = {Deller, Luke and Heiser, Gernot},
    title = {Linking Programs in a Single Address Space},
    booktitle = {Proceedings of the USENIX Annual Technical Conference},
    year = {1999},
    pages = {283-294}}

@article{chase:sasosprot,
    author = {Chase, Jeffrey S. and Levy, Henry M. and Feeley, Michael J. and Lazowska, Edward D.},
    title = {Sharing and Protection in a Single-Address-Space Operating System},
    journal = {ACM Transactions on Computer Systems},
    volume = {12},
    number = {4},
    year = {1994},
    issn = {0734-2071},
    pages = {271--307},
    publisher = {ACM}}

@inproceedings{thorpe:busdma,
    author = "Jason Thorpe",
    title = "A Machine-Independent {DMA} Framework for {NetBSD}",
    booktitle = "Proceedings of the {USENIX} Annual Technical Conference, {FREENIX} track",
    year = "1998",
    pages = "1--12"}

@misc{torek:config,
    author = "Chris Torek",
    year = "December 1992",
    title = "{Device Configuration in 4.4BSD}",
    url = {http://www.netbsd.org/docs/kernel/config-torek.ps}}

@inproceedings{levasseur:driverreuse,
    author = {LeVasseur, Joshua and Uhlig, Volkmar and Stoess, Jan and G\"{o}tz, Stefan},
    title = {Unmodified Device Driver Reuse and Improved System Dependability Via Virtual Machines},
    booktitle = {Proceedings of the USENIX Symposium on Operating Systems Design and Implementation},
    year = {2004},
    pages = {17--30}}

@inproceedings{mccanne:bpf,
    author = {McCanne, Steven and Jacobson, Van},
    title = "{The BSD packet filter: a new architecture for user-level packet capture}",
    booktitle = {Proceedings of the USENIX Winter Technical Conference},
    year = {1993},
    pages = {259--269}}

@inproceedings{baumann:multikernel,
    author = {Baumann, Andrew and Barham, Paul and Dagand, Pierre-Evariste and Harris, Tim and Isaacs, Rebecca and Peter, Simon and Roscoe, Timothy and Sch\"{u}pbach, Adrian and Singhania, Akhilesh},
    title = {The Multikernel: A new OS architecture for scalable multicore systems},
    booktitle = {Proceedings of the ACM Symposium on Operating Systems Principles},
    year = {2009},
    pages = {29--44}}

@inproceedings{leslie:wombat,
    author = {Ben Leslie and Carl van Schaik and Gernot Heiser},
    title = {Wombat: A Portable User-Mode Linux for Embedded Systems},
    booktitle = {Proceedings of the 6th Linux.Conf.Au},
    url = {http://www.linux.org.au/conf/2005/Papers/Ben%20Leslie/Wombat_%20A%20portable%20user-mode%20Linux%20for%20embedded%20systems/index.html},
    year = "2005"}

@article{lampson:bestpaperever,
    author = "Lampson, Butler W.",
    title = "{Hints for Computer System Design}",
    journal = "{ACM SIGOPS Operating Systems Review}",
    volume = {17},
    number = {5},
    year = {1983},
    pages = {33--48}}

@inproceedings{liedtke:construction,
    author = {Jochen Liedtke},
    title = {On $\mu$-Kernel Construction},
    booktitle = {Proceedings of the ACM Symposium on Operating Systems Principles},
    pages = {237-250},
    year = {1995}}

@inproceedings{ford:oskit,
    author = {Bryan Ford and Godmar Back and Greg Benson and Jay Lepreau and Albert Lin and Olin Shivers},
    title = {{The Flux OSKit: A Substrate for OS and Language Research}},
    pages = {38-51},
    year = 1997,
    booktitle = {Proceedings of the ACM Symposium on Operating Systems Principles}}

@inproceedings{porter:drawbridge,
    author = {Porter, Donald E. and Boyd-Wickizer, Silas and Howell, Jon and Olinsky, Reuben and Hunt, Galen C.},
    title = {Rethinking the Library OS from the Top Down},
    booktitle = {Proceedings of the International Conference on Architectural Support for Programming Languages and Operating Systems},
    year = {2011},
    pages = {291--304},
} 

@article{anderson:scheduler_activations,
    author = {Anderson, Thomas E. and Bershad, Brian N. and Lazowska, Edward D. and Levy, Henry M.},
    title = {Scheduler Activations: Effective Kernel Support for the User-level Management of Parallelism},
    journal = {ACM Transactions on Computer Systems},
    volume = {10},
    number = {1},
    month = {February},
    year = {1992},
    issn = {0734-2071},
    pages = {53--79},
    numpages = {27},
    acmid = {146944},
    publisher = {ACM}}

@inproceedings{kantee:rumpdev,
    author = "Antti Kantee",
    title = "{Rump Device Drivers: Shine On You Kernel Diamond}",
    booktitle = "Proceedings of {AsiaBSDCon}",
    pages = "75--84",
    year = "2010"}

@INPROCEEDINGS{bonwick:slab,
    AUTHOR = "Jeff Bonwick",
    TITLE = "{The Slab Allocator: An Object-Caching Kernel Memory Allocator}",
    booktitle = "Proceedings of the USENIX Summer Technical Conference",
    PAGES = {87-98},
    YEAR = {1994}  }

@misc{amd64abi,
    author = "Michael Matz and Jan Hubi\v{c}ka and Andreas Jaeger and Mark Mitchell",
    title = {System V Application Binary Interface, AMD64 Architecture Processor Supplement, Draft Version 0.99.5},
    url ={http://www.x86-64.org/documentation/abi-0.99.5.pdf},
    year = "2010"}

@inproceedings{ysmal:fs-utils,
    author = {Arnaud Ysmal and Antti Kantee},
    title = {Fs-utils: File Systems Access Tools for Userland},
    booktitle = {Proceedings of EuroBSDCon},
    url = {http://www.netbsd.org/~stacktic/ebc09_fs-utils_paper.pdf},
    year = {2009}
}

@misc{gson:build,
    author = "Andreas Gustafsson",
    title = {NetBSD-current/i386 build status},
    url = "http://www.gson.org/netbsd/bugs/build/"
}

@misc{pkgsrc,
    title = {pkgsrc: The NetBSD Packages Collection},
    url = "http://www.pkgsrc.org/"
}

@misc{slirp,
    title = {Slirp, the PPP/SLIP-on-terminal emulator},
    url = "http://slirp.sourceforge.net/"
}

@misc{mewburn:makefsimpl,
    author = "Luke Mewburn",
    title = "Private communication",
    year = "April 2009"}

@manual{man4:carp,
    title = "carp -- Common Address Redundancy Protocol",
    organization = "NetBSD Kernel Interfaces Manual",
    year = "October 2003"}

@inproceedings{purdila:lkl,
    author = "Purdila, Octavian and Grijincu, Lucian Adrian and Tapus, Nicolae",
    title = {LKL: The Linux Kernel Library},
    booktitle = "Proceedings of the {RoEduNet} International Conference",
    pages = "328-333",
    year = {2010},
}

@misc{thttpd,
    title = "thttpd -- tiny/turbo/throttling HTTP server",
    url = "http://www.acme.com/software/thttpd/"}

@inproceedings{gardenghi:viewos,
    author = {Gardenghi, Ludovico and Goldweber, Michael and Davoli, Renzo},
    title = {View-OS: A New Unifying Approach Against the Global View Assumption},
    booktitle = {Proceedings of the 8th International Conference on Computational Science, Part I},
    year = {2008},
    pages = {287--296}}

@inproceedings{pike:plan9,
    author = {Rob Pike and Dave Presotto and Ken Thompson and Howard Trickey},
    title = {Plan 9 from Bell Labs},
    booktitle = {Proceedings of the Summer UKUUG Conference},
    year = {1990},
    pages = {1--9}}

@article{heiser:mungi,
    author           = {Gernot Heiser and Kevin Elphinstone and Jerry Vochteloo and Stephen Russell and Jochen Liedtke},
    journal          = {Software: Practice and Experience},
    title            = {The {Mungi} Single-Address-Space Operating System},
    number           = {9},
    month            = {Jul},
    volume           = {28},
    year             = {1998},
    pages            = {901--928}}

@article{desnoyers:urcu,
    author    = {Mathieu Desnoyers and
                 Paul E. McKenney and
                 Alan S. Stern and
                 Michel R. Dagenais and
                 Jonathan Walpole},
    title     = {User-Level Implementations of Read-Copy Update},
    journal = {IEEE Transactions on Parallel and Distributed Systems},
    volume    = {23},
    number    = {2},
    year      = {2012},
    pages     = {375-382}}

@phdthesis{desnoyers:phd,
    title  = "Low-Impact Operating System Tracing",
    author = "Mathieu Desnoyers",
    school = "Ecole Polytechnique de Montr\'{e}al",
    month  = "December",
    year   = 2009}

@inproceedings{jiang:soda,
    author = {Jiang, Xuxian and Xu, Dongyan},
    title = {SODA: A Service-On-Demand Architecture for Application Service Hosting Utility Platforms},
    booktitle = {Proceedings of the 12th IEEE International Symposium on High Performance Distributed Computing},
    year = {2003},
    pages = {174--183}} 

@techreport{minnich:mether,
    author = "Ronald G. Minnich and David J. Farber",
    title = "{The Mether System: Distributed Shared Memory for SunOS 4.0}",
    number = "MS-CIS-93-24",
    Institution = "University of Pennsylvania Department of Computer and Information Science",
    year = "February 1993"}

@inproceedings{chou:oserr,
    author = {Chou, Andy and Yang, Junfeng and Chelf, Benjamin and Hallem, Seth and Engler, Dawson},
    title = {An Empirical Study of Operating Systems Errors},
    booktitle = {Proceedings of the ACM Symposium on Operating Systems Principles},
    year = {2001},
    location = {Banff, Alberta, Canada},
    pages = {73--88},
    numpages = {16},
    acmid = {502042},
    publisher = {ACM},
} 

@manual{man4:pud,
    title = "pud -- Pass-to-Userspace Device",
    organization = "NetBSD Kernel Interfaces Manual",
    year = "November 2007"}

@article{waldspurger:ballooning,
    author = {Waldspurger, Carl A.},
    title = {Memory Resource Management in VMware ESX Server},
    journal = {ACM SIGOPS Operating Systems Review},
    issue_date = {Winter 2002},
    volume = {36},
    issue = {SI},
    month = Dec,
    year = {2002},
    issn = {0163-5980},
    pages = {181--194},
    numpages = {14},
    acmid = {844146},
    publisher = {ACM}}

@inproceedings{gingell:shlib,
    author = {Robert A. Gingell and Meng Lee and Xuong T. Dang and Mary S. Weeks},
    title = {Shared Libraries in SunOS},
    booktitle = {Proceedings of the USENIX Summer Technical Conference},
    year = {1987},
    pages = {375--390}}

@misc{pike:irrelevant,
    author = "Rob Pike",
    title = "Systems Software Research is Irrelevant",
    url = {http://doc.cat-v.org/bell_labs/utah2000/},
    year = "2000"}

@inproceedings{musuvathi:netmodelcheck,
    author = {Musuvathi, Madanlal and Engler, Dawson R.},
    title = {Model Checking Large Network Protocol Implementations},
    booktitle = {Proceedings of the USENIX Symposium on Networked Systems Design and Implementation},
    year = {2004},
    pages = {155--168}
  } 

@article{ostrand:faultdist,
    author = {Ostrand, Thomas J. and Weyuker, Elaine J.},
    title = {The Distribution of Faults in a Large Industrial Software System},
    journal = {SIGSOFT Softw. Eng. Notes},
    volume = {27},
    issue = {4},
    month = {July},
    year = {2002},
    issn = {0163-5948},
    pages = {55--64},
    numpages = {10},
    publisher = {ACM}}

@inproceedings{sun:testfs,
    author = {Sun, Jack and Fryer, Daniel and Goel, Ashvin and Brown, Angela Demke},
    title = {Using Declarative Invariants for Protecting File-System Integrity},
    booktitle = {Proceedings of the 6th Workshop on Programming Languages and Operating Systems},
    year = {2011},
    location = {Cascais, Portugal},
    pages = {6:1--6:5},
    articleno = {6},
    numpages = {5}}

@techreport{dinda:minet,
    author = "Peter Dinda",
    title = {The Minet TCP/IP Stack},
    institution = "Northwestern University Department of Computer Science",
    number = "NWU-CS-02-08",
    year = "January, 2002"}

@misc{pradhan:daytona,
    author = "Prashant Pradhan and Srikanth Kandula and Wen Xu and Anees Shaikh and Erich Nahum",
    title = {Daytona : A User-Level TCP Stack},
    url = {http://nms.csail.mit.edu/%7Ekandula/data/daytona.pdf},
    year = "2002"}

@inproceedings{mckusick:malloc,
    author = "Marshall Kirk McKusick and Michael J. Karels",
    title = {Design of a General Purpose Memory Allocator for the 4.3BSD UNIX Kernel},
    pages = "295--304",
    booktitle = {Proceedings of the USENIX Summer Technical Conference},
    year = "1988"}

@inproceedings{soltesz:containers,
    author = {Soltesz, Stephen and P\"{o}tzl, Herbert and Fiuczynski, Marc E. and Bavier, Andy and Peterson, Larry},
    title = {Container-based Operating System Virtualization: A Scalable, High-performance Alternative to Hypervisors},
    booktitle = {Proceedings of the 2nd ACM SIGOPS/EuroSys European Conference on Computer Systems},
    year = {2007},
    pages = {275--287},
    numpages = {13}}

@inproceedings{wang:overhead,
    author = "Wang, Zhikui and Zhu, Xiaoyun and Padala, Pradeep and Singhal, Sharad",
    title = {Capacity and Performance Overhead in Dynamic Resource Allocation to Virtual Containers},
    booktitle = {Proceedings of the IFIP/IEEE Symposium on Integrated Management},
    pages = {149--158},
    year = "May 2007"}

@misc{libguestfs,
    title = "libguestfs: tools for accessing and modifying virtual machine disk images",
    url = "http://libguestfs.org/"}

@inproceedings{miller:100ms,
    author = {Miller, Robert B.},
    title = {Response time in man-computer conversational transactions},
    booktitle = {Proceedings of the Fall Joint Computer Conference},
    series = {AFIPS (Fall, part I)},
    year = {1968},
    location = {San Francisco, California},
    pages = {267--277}}

@misc{openssh,
    author = "{OpenSSH}",
    url = "http://www.openssh.com/"}

@misc{mutt,
    author = "{Mutt E-Mail Client}",
    url = "http://www.mutt.org/"}

@misc{hennessy:passiveser,
    author="James P. Hennessy and Damian L. Osisek and Joseph W. {Seigh II}",
    title="Passive Serialization in a Multitasking Environment",
    institution="US Patent and Trademark Office",
    year="1989",
    note="US Patent 4,809,168",
    month="February"}

@phdthesis{mckenney:phd,
    author="Paul E. McKenney",
    title="Exploiting Deferred Destruction: An Analysis of Read-Copy-Update Techniques in Operating System Kernels",
    school="OGI School of Science and Engineering at Oregon Health and Sciences University",
    year="2004"}

@inproceedings{kerberos,
    author = {S. P. Miller and B. C. Neuman and J. I. Schiller and J. H. Saltzer},
    title = {Kerberos Authentication and Authorization System},
    booktitle = {Project Athena Technical Plan},
    year = {1988}}

@misc{tls,
    author="The Transport Layer Security (TLS) Protocol",
    year="2008",
    note="RFC 5246"}

@misc{slip,
    author="A NONSTANDARD FOR TRANSMISSION OF IP DATAGRAMS OVER SERIAL LINES: SLIP",
    year="1988",
    note="RFC 1055"}

@article{Wentzlaff:casefos,
    author = {Wentzlaff, David and Agarwal, Anant},
    title = {Factored Operating Systems (fos): The Case for a Scalable Operating System for Multicores},
    journal = {ACM SIGOPS Operating Systems Review},
    issue_date = {April 2009},
    volume = {43},
    number = {2},
    month = Apr,
    year = {2009},
    issn = {0163-5980},
    pages = {76--85},
    numpages = {10},
    publisher = {ACM}} 

@article{herder:minix3,
    author = {Herder, Jorrit N. and Bos, Herbert and Gras, Ben and Homburg, Philip and Tanenbaum, Andrew S.},
    journal = {ACM SIGOPS Operating Systems Review},
    number = 3,
    pages = {80-89},
    title = {MINIX 3: a highly reliable, self-repairing operating system.},
    volume = 40,
    year = 2006}

@inproceedings{accetta:mach,
    author    = {Michael J. Accetta and
                 Robert V. Baron and
                 William J. Bolosky and
                 David B. Golub and
                 Richard F. Rashid and
                 Avadis Tevanian and
                 Michael Young},
    title     = {Mach: A New Kernel Foundation for UNIX Development},
    booktitle = {Proceedings of the USENIX Summer Technical Conference},
    year      = {1986},
    pages     = {93-113}}

@inproceedings{Hildebrand:qnx,
    author = {Hildebrand, Dan},
    title = {An Architectural Overview of QNX},
    booktitle = {Proceedings of the Workshop on Micro-kernels and Other Kernel Architectures},
    year = {1992},
    pages = {113--126},
    numpages = {14},
    publisher = {USENIX Association}} 

@manual{ndis:fbman4,
    title = "ndis -- NDIS miniport driver wrapper",
    organization = "FreeBSD Kernel Interfaces Manual",
    year = "March 2010"
}

@misc{dijkstra:ewd1303,
   author = "Edsger W. Dijkstra",
   title = "My recollections of operating system design",
   year = "2001",
   url = "http://www.cs.utexas.edu/users/EWD/ewd13xx/EWD1303.PDF",
}

@inproceedings{weisbach:ddekit,
    author = {Weisbach, Hannes and D\"{o}bel, Bj\"{o}rn and Lackorzynski, Adam},
    title = {Generic User-Level PCI Drivers},
    booktitle = {Proceedings of the 13th Real-Time Linux Workshop},
    year = {2011},
    url ={http://lwn.net/images/conf/rtlws-2011/proc/Doebel.pdf},
    location = {Prague, Czech Republic}}

@article{mullender:amoeba,
    author = {Sape J. Mullender and Guido van Rossum and Andrew S. Tanenbaum and Robbert van Renesse and Hans van Staveren},
    title = {Amoeba: A Distributed Operating System for the 1990s},
    journal ={Computer},
    volume = {23},
    number = {5},
    issn = {0018-9162},
    year = {1990},
    pages = {44-53}}

@misc{ddekitwiki,
    title = {DDE/DDEKit},
    url = "http://wiki.tudos.org/DDE/DDEKit"}

@techreport{dunkels:lwipdesign,
    author = {Adam Dunkels},
    title = {Design and Implementation of the lwIP TCP/IP Stack},
    institution = "Swedish Institute of Computer Science",
    year = {2001}}

@manual{man4:wapbl,
    title = "WAPBL -- Write Ahead Physical Block Logging file system journaling
",
    organization = "NetBSD Kernel Interfaces Manual",
    year = "November 2010"}

@inproceedings{mckusick:suj,
    author = {Marshall Kirk McKusick and Jeffery Roberson},
    title = {Journaled Soft-updates},
    booktitle = {Proceedings of EuroBSDCon 2010},
    url = {http://www.mckusick.com/BSDCan/bsdcan2010.pdf},
    year = {2010}}

@inproceedings {rizzo:netmap,
    author = {Luigi Rizzo},
    title = {netmap: A Novel Framework for Fast Packet I/O},
    oooktitle = {Proceedings of the USENIX Annual Technical Conference},
    year = {2012},
    month = Aug,
    pages = {101--112},
}

@inproceedings{howell:embassies,
    author = {Howell, Jon and Parno, Bryan and Douceur, John R.},
    title = {Embassies: Radically Refactoring the Web},
    booktitle = {Proceedings of the USENIX Conference on Networked Systems Design and Implementation},
    year = {2013},
    pages = {529--546},
    numpages = {18}}

@misc{golang,
    author = "{The Go Programming Language}",
    url = "http://golang.org/"}

@misc{grub,
    author = "{GNU GRUB}",
    url = "http://www.gnu.org/software/grub/"}

@misc{qemu,
   author = "{QEMU -- open source processor emulator}",
   url = "http://qemu.org/"}

@misc{unikernel,
  author = "{Unikernel}",
  url = "http://en.wikipedia.org/wiki/Unikernel"}

@article{campbell-kelly:edsac,
    author = {Martin Campbell-Kelly},
    title = {Programming the EDSAC: Early Programming Activity at the University of Cambridge},
    journal ={IEEE Annals of the History of Computing},
    volume = {20},
    number = {4},
    issn = {1058-6180},
    year = {1998},
    pages = {46-67},
    publisher = {IEEE Computer Society},
}

@inproceedings{kivity:kvm,
    author = {Avi Kivity and Yaniv Kamay and Dor Laor and Uri Lublin and Anthony Liguori},
    title = {KVM: the Linux Virtual Machine Monitor},
    booktitle = {Proceedings of the 2007 Ottawa Linux Symposium},
    pages = {225--230},
    year = {2007}
}

@inproceedings{peter:arrakis,
   author = {Peter, Simon and Li, Jialin and Zhang, Irene and Ports, Dan R. K. and Woos, Doug and Krishnamurthy, Arvind and Anderson, Thomas and Roscoe, Timothy},
   title = {Arrakis: The Operating System is the Control Plane},
   booktitle = {Proceedings of the USENIX Symposium on Operating Systems Design and Implementation},
   year = {2014},
   pages = {1--16},
}
